<record><leader>00000cas a22000007a 4500</leader><controlfield tag="001">17915099</controlfield><controlfield tag="008">880506d19291952lauwr ne      0    0eng d</controlfield><datafield ind1=" " ind2=" " tag="010"><subfield code="a">sn 88064398 </subfield></datafield><datafield ind1=" " ind2=" " tag="040"><subfield code="a">LNP</subfield><subfield code="b">eng</subfield><subfield code="c">LNP</subfield><subfield code="d">OCLCQ</subfield><subfield code="d">LNP</subfield><subfield code="d">OCLCF</subfield><subfield code="d">OCLCO</subfield></datafield><datafield ind1=" " ind2=" " tag="042"><subfield code="a">msc</subfield></datafield><datafield ind1=" " ind2=" " tag="043"><subfield code="a">n-us-la</subfield></datafield><datafield ind1="0" ind2="4" tag="245"><subfield code="a">The Plain Dealing progress.</subfield></datafield><datafield ind1=" " ind2=" " tag="260"><subfield code="a">Plain Dealing, La. :</subfield><subfield code="b">F.G. Phillips</subfield></datafield><datafield ind1=" " ind2=" " tag="310"><subfield code="a">Weekly</subfield></datafield><datafield ind1="0" ind2=" " tag="362"><subfield code="a">Vol. 1, no. 1 (Oct. 17, 1929)-   ;   -23rd yr., no. 36 (Sept. 4, 1952).</subfield></datafield><datafield ind1=" " ind2=" " tag="515"><subfield code="a">Suspended with Oct. 13, 1932 issue? Resumed with Feb. 24, 1933 issue. Suspended with Mar. 31, 1933 issue; resumed with June 29, 1933 issue.</subfield></datafield><datafield ind1=" " ind2="0" tag="651"><subfield code="a">Plain Dealing (La.)</subfield><subfield code="v">Newspapers.</subfield></datafield><datafield ind1=" " ind2="7" tag="655"><subfield code="a">Newspapers.</subfield><subfield code="2">fast</subfield><subfield code="0">(OCoLC)fst01423814</subfield></datafield><datafield ind1=" " ind2="7" tag="651"><subfield code="a">Louisiana</subfield><subfield code="z">Plain Dealing.</subfield><subfield code="2">fast</subfield><subfield code="0">(OCoLC)fst01211688</subfield></datafield><datafield ind1=" " ind2=" " tag="752"><subfield code="a">United States</subfield><subfield code="b">Louisiana</subfield><subfield code="c">Bossier</subfield><subfield code="d">Plain Dealing.</subfield></datafield><datafield ind1="0" ind2="7" tag="785"><subfield code="t">Bossier banner</subfield><subfield code="w">(DLC)sn 85034235</subfield></datafield><datafield ind1="0" ind2="7" tag="785"><subfield code="t">Bossier banner-progress</subfield><subfield code="w">(DLC)sn 88064083</subfield></datafield></record>